@TECHREPORT{Fer12,
  author = {Joaquín Fernández and Ernesto Kofman},
  title = {{Implementación autónoma de métodos de integración numérica QSS}},
  institution = {FCEIA - UNR},
  year = {2012},
  address = {Rosario, Argentina}
}

@conference{Ber12b,
  title = {{Simulating Modelica models with a Stand--Alone Quantized State Systems Solver}},
  author = {Federico Bergero and Xenofon Floros and Joaquín Fernández and Ernesto Kofman and François E. Cellier},
  year = {2012},
  booktitle = {9th International Modelica Conference},
  note = {Aceptado}
}


@Book{Cel06,
  author = 	 {Cellier, François and Kofman, Ernesto},
  editor = 	 {},
  title = 	 {{Continuous System Simulation}},
  publisher = 	 {Springer},
  year = 	 {2006},
  address = 	 {New York},
}
@article{BK11,
 author = {Bergero, Federico and Kofman, Ernesto},
 title = {{PowerDEVS: a tool for hybrid system modeling and real-time simulation}},
 journal = {Simulation},
 volume = {87},
 number = {1--2},
 year = {2011},
 issn = {0037-5497},
 pages = {113--132},
 numpages = {20},
 acmid = {1899679},
 publisher = {Society for Computer Simulation International},
 address = {San Diego, CA, USA},
}





@CONFERENCE{Flo11,
  author = {Xenofon Floros and Federico Bergero and Francois E. Cellier and Ernesto Kofman},
  title = {{Automated Simulation of Modelica Models with QSS Methods - The Discontinuous Case}},
  booktitle = {8th International Modelica Conference},
  year = {2011},
  month = {March},
  keywords = {OpenModelica, DASSL , PowerDEVS, QSS, discontinuous systems}
}

@CONFERENCE{Fri98,
  author = {Peter Fritzson and Vadim Engelson},
  title = {{Modelica - A Unified Object-Oriented Language for System Modelling
and Simulation}},
  booktitle = {ECOOP},
  year = {1998},
  pages = {67--90},
  bibsource = {DBLP, http://dblp.uni-trier.de},
  ee = {http://link.springer.de/link/service/series/0558/bibs/1445/14450067.htm}
}