@TECHREPORT{Fer12,
  author = {Joaquín Fernández and Ernesto Kofman},
  title = {{Implementación autónoma de métodos de integración numérica QSS}},
  institution = {FCEIA - UNR},
  year = {2012},
  address = {Rosario, Argentina}
}

@conference{Ber12b,
  title = {{Simulating Modelica models with a Stand--Alone Quantized State Systems Solver}},
  author = {Federico Bergero and Xenofon Floros and Joaquín Fernández and Ernesto Kofman and François E. Cellier},
  year = {2012},
  booktitle = {9th International Modelica Conference},
  note = {Aceptado}
}


@Book{Cel06,
  author = 	 {Cellier, François and Kofman, Ernesto},
  editor = 	 {},
  title = 	 {{Continuous System Simulation}},
  publisher = 	 {Springer},
  year = 	 {2006},
  address = 	 {New York},
}
@article{BK11,
 author = {Bergero, Federico and Kofman, Ernesto},
 title = {{PowerDEVS: a tool for hybrid system modeling and real-time simulation}},
 journal = {Simulation},
 volume = {87},
 number = {1--2},
 year = {2011},
 issn = {0037-5497},
 pages = {113--132},
 numpages = {20},
 acmid = {1899679},
 publisher = {Society for Computer Simulation International},
 address = {San Diego, CA, USA},
}

@CONFERENCE{Flo11,
  author = {Xenofon Floros and Federico Bergero and Francois E. Cellier and Ernesto Kofman},
  title = {{Automated Simulation of Modelica Models with QSS Methods - The Discontinuous Case}},
  booktitle = {8th International Modelica Conference},
  year = {2011},
  month = {March},
  keywords = {OpenModelica, DASSL , PowerDEVS, QSS, discontinuous systems}
}

@CONFERENCE{Fri98,
  author = {Peter Fritzson and Vadim Engelson},
  title = {{Modelica - A Unified Object-Oriented Language for System Modelling
and Simulation}},
  booktitle = {ECOOP},
  year = {1998},
  pages = {67--90},
  bibsource = {DBLP, http://dblp.uni-trier.de},
  ee = {http://link.springer.de/link/service/series/0558/bibs/1445/14450067.htm}
}

@Article{BK13,
 author = {Federico Bergero, , Ernesto Kofman},
 title = {A Vectorial DEVS Extension for Large Scale System Modeling and Parallel Simulation},
 journal = {SIMULATION},
 volume = {90}, 
 number = {5}, 
 pages = {522-5456}, 
 year = {2014}
}

@book{Zeigler:2000:TMS:580780,
 author = {Zeigler, Bernard P. and Kim, Tag Gon and Praehofer, Herbert},
 title = {Theory of Modeling and Simulation},
 year = {2000},
 isbn = {0127784551},
 edition = {2nd},
 publisher = {Academic Press, Inc.},
 address = {Orlando, FL, USA},
}

@Article{PKBW12,
 author = {Perfumo, Cristian and Kofman, Ernesto and Braslavsky, Julio
and Ward, John K.},
 title = {{Load management: Model-based control of aggregate power for
populations of thermostatically controlled loads}},
 journal = {Energy Conversion and Management},
 year = {2012},
 volume = {55},
 OPTnumber = {},
 pages = {36--48},
}
